@book{johnAlgebra,
  title={A First Course in Abstract Algebra},
  author={Fraleigh, John B},
  year={2014},
  publisher = {Pearson}
}

@book{michalAlgebra,
	title={Algebra},
	author={Artin, Michael},
	year={1991},
	publisher = {A Simon and Schuster Company}
}

@book{maierAlgebra,
	title={Algebra I (texto de aula)},
	author={Maier, Rudolf R.},
	year={2005},
	publisher = {UFSC}
}

@article{dominguesAlgebra,
	title={{\'A}lgebra moderna},
	author={IEZZI, GELSON and DOMINGUES, Hygino H},
	journal={S{\~a}o Paulo: Atual Editora},
	year={2003}
}

@book{lounestoClifford,
	title={Clifford algebras and spinors},
	author={Lounesto, Pertti},
	volume={286},
	year={2001},
	publisher={Cambridge university press}
}

@book{grassmannLineale,
	title={Die lineale Ausdehnungslehre ein neuer Zweig der Mathematik: dargestellt und durch Anwendungen auf die {\"u}brigen Zweige der Mathematik, wie auch auf die Statik, Mechanik, die Lehre vom Magnetismus und die Krystallonomie erl{\"a}utert},
	author={Grassmann, Hermann},
	volume={1},
	year={1844},
	publisher={O. Wigand}
}

@book{sommerGeometric,
	title={Geometric computing with Clifford algebras: theoretical foundations and applications in computer vision and robotics},
	author={Sommer, Gerald},
	year={2013},
	publisher={Springer Science \& Business Media}
}

@article{cliffordApplicationsGrassmannAlgebras,
	title={Applications of Grassmann's extensive algebra},
	author={Clifford, Professor},
	journal={American Journal of Mathematics},
	volume={1},
	number={4},
	pages={350--358},
	year={1878},
	publisher={JSTOR}
}

@article{lundholm2009clifford,
	title={Clifford algebra, geometric algebra, and applications},
	author={Lundholm, Douglas and Svensson, Lars},
	journal={arXiv preprint arXiv:0907.5356},
	year={2009}
}

