@book{johnAlgebra,
  title={A First Course in Abstract Algebra},
  author={Fraleigh, John B},
  year={2014},
  publisher = {Pearson}
}

@book{michalAlgebra,
	title={Algebra},
	author={Artin, Michael},
	year={1991},
	publisher = {A Simon and Schuster Company}
}

@book{maierAlgebra,
	title={Algebra I (texto de aula)},
	author={Maier, Rudolf R.},
	year={2005},
	publisher = {UFSC}
}